@article{greenwade93,
    author  = "George D. Greenwade",
    title   = "The {C}omprehensive {T}ex {A}rchive {N}etwork ({CTAN})",
    year    = "1993",
    journal = "TUGBoat",
    volume  = "14",
    number  = "3",
    pages   = "342--351"
}

@misc{rombach2022highresolutionimagesynthesislatent,
    title={High-Resolution Image Synthesis with Latent Diffusion Models},
    author={Robin Rombach and Andreas Blattmann and Dominik Lorenz and Patrick Esser and Bj"orn Ommer},
    year={2022},
    eprint={2112.10752},
    archivePrefix={arXiv},
    primaryClass={cs.CV},
    url={https://arxiv.org/abs/2112.10752}
}

@misc{zhang2023addingconditionalcontroltexttoimage,
    title={Adding Conditional Control to Text-to-Image Diffusion Models},
    author={Lvmin Zhang and Anyi Rao and Maneesh Agrawala},
    year={2023},
    eprint={2302.05543},
    archivePrefix={arXiv},
    primaryClass={cs.CV},
    url={https://arxiv.org/abs/2302.05543}
}

@misc{brooks2023instructpix2pixlearningfollowimage,
    title={InstructPix2Pix: Learning to Follow Image Editing Instructions},
    author={Tim Brooks and Aleksander Holynski and Alexei A. Efros},
    year={2023},
    eprint={2211.09800},
    archivePrefix={arXiv},
    primaryClass={cs.CV},
    url={https://arxiv.org/abs/2211.09800}
}
